<record xmlns="http://www.openarchives.org/OAI/2.0/" xmlns:xsi="http://www.w3.org/2001/XMLSchema-instance"><header><identifier>oai:alma.34CSIC_INST:990013488420204201</identifier><datestamp>2020-02-06T08:41:03Z</datestamp><setSpec>manuscripta</setSpec></header><metadata><record xmlns="http://www.loc.gov/MARC21/slim" xmlns:xsi="http://www.w3.org/2001/XMLSchema-instance" xsi:schemaLocation="http://www.loc.gov/MARC21/slim http://www.loc.gov/standards/marcxml/schema/MARC21slim.xsd"><leader>09559ntm a2200709 i 4500</leader><controlfield tag="005">20181031100400.0</controlfield><controlfield tag="008">100705suuuu                  000 0 ara d</controlfield><controlfield tag="001">990013488420204201</controlfield><datafield tag="035" ind1=" " ind2=" "><subfield code="a">CSIC001348842</subfield></datafield><datafield tag="035" ind1=" " ind2=" "><subfield code="a">(ES-MaCSI)001348842MAD01-Aleph</subfield></datafield><datafield tag="035" ind1=" " ind2=" "><subfield code="a">(OCoLC)1123838796
</subfield></datafield><datafield tag="040" ind1=" " ind2=" "><subfield code="a">ES-MaCSI</subfield><subfield code="b">spa</subfield></datafield><datafield tag="084" ind1=" " ind2=" "><subfield code="a">FMH</subfield></datafield><datafield tag="100" ind1="1" ind2=" "><subfield code="a">Zubaydī, Muḥammad b. al-Ḥasan al-</subfield><subfield code="d">(928 ó 9-989 ó 90).</subfield></datafield><datafield tag="245" ind1="1" ind2="2"><subfield code="a">كتاب الواضح </subfield><subfield code="h">[Manuscrito]</subfield><subfield code="c">/ أَبِي بَكْر مُحَمَّد بن حَسَن الزُبَيْدي.</subfield></datafield><datafield tag="260" ind1=" " ind2=" "><subfield code="c">[S. f.].</subfield></datafield><datafield tag="300" ind1=" " ind2=" "><subfield code="a">90 f. con guarda sólo al final ;</subfield><subfield code="c">20 x 14 cm (caja: 17 x 9,5 cm).</subfield></datafield><datafield tag="490" ind1="1" ind2=" "><subfield code="a">Manuscripta</subfield></datafield><datafield tag="546" ind1=" " ind2=" "><subfield code="a">Arabe</subfield><subfield code="b">Escritura magrebí</subfield></datafield><datafield tag="500" ind1=" " ind2=" "><subfield code="a">Título transliterado: Kitāb al-Wāḍiḥ</subfield></datafield><datafield tag="500" ind1=" " ind2=" "><subfield code="a">Distribución: 1 col. Tiene 20 líneas por página.</subfield></datafield><datafield tag="500" ind1=" " ind2=" "><subfield code="a">Material: Papel</subfield></datafield><datafield tag="500" ind1=" " ind2=" "><subfield code="a">Tinta: Negra y roja</subfield></datafield><datafield tag="500" ind1=" " ind2=" "><subfield code="a">‪Incipit: ‫(‬بعد البسملة والتصلية) بَابُ أَقْسَمِ الكَلاَمِ إِعْلَمْ أَنَّ جَمِيعَ اَلْكَلاَمِ يَنْقَسِمُ عَلىَ ثَلاَثَةِ أَقْسَامٍ إِسْمٌ وَفِعْلٌ وَحَرْفٌ</subfield></datafield><datafield tag="500" ind1=" " ind2=" "><subfield code="a">‪Explicit: وَتَكْتُبُ بَلَى وَمَتَى لأِنَّ الإِمَالَةَ فِيهِمَا حَسَنٌ وَكَذَالِكَ الْقِيَاسُ فِي عَلَى وَلَدَى أَنْ يُكْتَبَا بِالأَلِفْ لأَِنَّ الإِمَالَةَ لاَ تَجُوزُ فِيهِمَا وَلأَِنَّ</subfield></datafield><datafield tag="500" ind1=" " ind2=" "><subfield code="a">Lugar de escritura: No consta</subfield></datafield><datafield tag="500" ind1=" " ind2=" "><subfield code="a">Copista: No consta</subfield></datafield><datafield tag="500" ind1=" " ind2=" "><subfield code="a">‪Colofón: No consta</subfield></datafield><datafield tag="500" ind1=" " ind2=" "><subfield code="a">Características especiales: Texto vocalizado</subfield></datafield><datafield tag="500" ind1=" " ind2=" "><subfield code="a">Ilustración: Cartelas semi-rectangulares que imitan probablemente las tumbas musulmanas (1r).</subfield></datafield><datafield tag="500" ind1=" " ind2=" "><subfield code="a">Ilustraciones: Los epígrafes aparecen en un trazo mucho más grande y alargado en tinta roja, Entre oraciones, a modo de signo de puntuación, se utiliza un símbolo que se asemeja a una circunferencia semicerrada seguida de un trazo en horizontal.</subfield></datafield><datafield tag="500" ind1=" " ind2=" "><subfield code="a">Tipo de cuaderno: 10 cuads.: 1 ternión, 5 cuaterniones y 4 quiniones, más 6 folios sueltos.</subfield></datafield><datafield tag="500" ind1=" " ind2=" "><subfield code="a">Deterioros: Buen estado del texto. - La cartera descosida y muy deteriorada, si bien no afecta al cosido de los cuadernos. - Algunas galerías pliegues, manchas y degradaciones de la tinta que no afectan al texto. Exfoliaciones en la esquina superior izquierda de los últimos folios del volumen a partir del 87 (incluido).</subfield></datafield><datafield tag="500" ind1=" " ind2=" "><subfield code="a">H en blanco: 2 últimos folios del volumen sin numerar</subfield></datafield><datafield tag="500" ind1=" " ind2=" "><subfield code="a">H dañadas, mutiladas, sueltas: Dañadas: Los últimos folios del volumen a partir del 87 (incluido) tienen las esquinas inferiores exfoliadas. - Sueltas: 2.</subfield></datafield><datafield tag="500" ind1=" " ind2=" "><subfield code="a">H faltan o añadidas: Faltan: 160 f. al menos, según la descripción de Almagro Cárdenas el volumen tenía 250 folios más algunas páginas finales que faltaban. - Sin embargo, si nos fijamos en el folio que sigue al 90v vemos que pone 102, lo cual hace pensar que le faltan al menos 12 folios.</subfield></datafield><datafield tag="500" ind1=" " ind2=" "><subfield code="a">Foliación: Sin foliación original. Foliación moderna a lápiz hecha por Concha Castillo Castillo 1984. - En algunos folios se puede ver doble numeración</subfield></datafield><datafield tag="500" ind1=" " ind2=" "><subfield code="a">Reclamos: No</subfield></datafield><datafield tag="500" ind1=" " ind2=" "><subfield code="a">Sign. cuad.: No</subfield></datafield><datafield tag="500" ind1=" " ind2=" "><subfield code="a">Pautado: No se aprecia el pautado. - Espacio interlineal con una regularidad de 8 mm.</subfield></datafield><datafield tag="500" ind1=" " ind2=" "><subfield code="a">Filigrana: Se aprecian diversos tipos de filigranas, entre ellas: la mano, dos flechas paralelas separadas probablemente por la letra “E” en mayúscula, media circunferencia (una sola vez en todo el volumen) y la letra “A” en mayúscula debajo de una cruz.</subfield></datafield><datafield tag="563" ind1=" " ind2=" "><subfield code="a">Encuadernación: Cartera original en pergamino reforzada por el exterior en piel marrón muy deteriorada y costura de remiendo visible en hilo blanco. - Algunas hojas también presentan costura con hilo azul en el margen interno. - La decoración de la tapa está formada por tres orlas de rueda gofrada separadas por entrecalles vacías. - El lomo, a pesar de su deterioro, parece liso, dividido en cuatro partes mediante ruedas de hilo triple.</subfield></datafield><datafield tag="541" ind1=" " ind2=" "><subfield code="a">Procedencia: Biblioteca Universidad de Granada</subfield></datafield><datafield tag="541" ind1=" " ind2=" "><subfield code="a">Ingreso: No consta</subfield></datafield><datafield tag="500" ind1=" " ind2=" "><subfield code="a">Signatura antigua: VOL. IX; A-5-9; Caja C-44</subfield></datafield><datafield tag="500" ind1=" " ind2=" "><subfield code="a">Anotaciones: Antiguo sello de la Biblioteca de la Universidad de Granada. - Anotaciones marginales no muy frecuentes, de correcciones o enmendaciones del texto en tinta negra con mociones en rojo y de significados de algunos términos más complejo en tinta roja y sin vocalizar; todo de la misma mano del copista.</subfield></datafield><datafield tag="581" ind1=" " ind2=" "><subfield code="a">Descripción: Almagro Cárdenas, A., Catálogo de los Manuscritos Arabes que se conservan en la Universidad de Granada, Granada, 1899, 16. - Catálogo de la Exposición celebrada con motivo del cincuentenario: 1932-1982, Granada, 1982, 17. - Castillo Castillo, C., “Manuscritos arábigos que se conservan en la Escuela de Estudios Árabes de Granada”, Cuadernos de historia del Islam 11 (1984), 225. - Espejo, T. [et al.], “Aplicación de tecnologías de análisis para el estudio de los soportes de papel en manuscritos hispano-árabes: un modelo de transición en la Granada del siglo XV”, IPH Congress Book 16 special edition (2006), 17-27. - Espejo, T. [et al.], “Microscopic and spectroscopic techniques for the study of paper supports and textile used in the binding of hispano-arabic manuscripts from Al-Andalus: a transition model in the 15th century”, Journal of cultural heritage 11 (2010), 50-58.- Manuscritos árabes y fondo antiguo de la Escuela de Estudios Árabes, Granada, 2007, 93.</subfield></datafield><datafield tag="530" ind1=" " ind2=" "><subfield code="a">Microficha : MICR15</subfield></datafield><datafield tag="581" ind1=" " ind2=" "><subfield code="a">Edición: Zubaydī, Muḥammad b. Ḥasan al-. Kitāb al-Wāḍiḥ, ʽAbd al-Karīm Jalīfa (ed.), 198?</subfield></datafield><datafield tag="510" ind1="4" ind2=" "><subfield code="a">Catálogo de los Manuscritos Árabes que se conservan en la Universidad de Granada</subfield><subfield code="c">p. 16</subfield></datafield><datafield tag="510" ind1="4" ind2=" "><subfield code="a">Catálogo de la Exposición celebrada con motivo del cincuentenario: 1932-1982</subfield><subfield code="c">p. 11</subfield></datafield><datafield tag="510" ind1="4" ind2=" "><subfield code="a">Manuscritos arábigos que se conservan en la Escuela de Estudios Árabes de Granada</subfield><subfield code="a">p. 225</subfield></datafield><datafield tag="510" ind1="4" ind2=" "><subfield code="a">Aplicación de tecnologías de análisis para el estudio de los soportes de papel en manuscritos hispano-árabes: un modelo de transición en la Granada del siglo XV</subfield><subfield code="c">p. 17-27</subfield></datafield><datafield tag="510" ind1="4" ind2=" "><subfield code="a">Microscopic and spectroscopic techniques for the study of paper supports and textile used in the binding of hispano-arabic manuscripts from Al-Andalus: a transition model in the 15th century</subfield><subfield code="c">p. 50-58</subfield></datafield><datafield tag="510" ind1="4" ind2=" "><subfield code="a">Manuscritos árabes y fondo antiguo de la Escuela de Estudios Árabes</subfield><subfield code="c">p. 93</subfield></datafield><datafield tag="520" ind1="2" ind2=" "><subfield code="a">Contenido: Kitāb al-Wāḍiḥ [GAL, I, 139-140] [Incompleto y ápodo]</subfield></datafield><datafield tag="650" ind1=" " ind2="7"><subfield code="a">Arabe</subfield><subfield code="x">Gramática</subfield><subfield code="v">Manuscritos.</subfield><subfield code="2">CSICAU</subfield></datafield><datafield tag="740" ind1="0" ind2=" "><subfield code="a">Kitāb al-Wāḍiḥ</subfield></datafield><datafield tag="775" ind1="1" ind2="8"><subfield code="w">990010090790204201</subfield><subfield code="t">كتاب الواضح [Microficha]</subfield></datafield><datafield tag="830" ind1=" " ind2="0"><subfield code="a">Manuscripta</subfield></datafield><datafield tag="856" ind1="4" ind2="1"><subfield code="u">http://aleph.csic.es/imagenes/mad01/0006_PMSC/P_001348842_781044_V00.pdf</subfield><subfield code="z">Descargar Pdf completo (30M)</subfield><subfield code="m">CSIC</subfield></datafield><datafield tag="856" ind1="4" ind2="1"><subfield code="u">http://simurg.bibliotecas.csic.es/viewer/image/CSIC001348842/1/</subfield><subfield code="z">Ver texto completo en SIMURG, el portal de fondos digitalizados del CSIC</subfield><subfield code="m">CSIC</subfield></datafield><datafield tag="856" ind1="4" ind2="1"><subfield code="u">http://aleph.csic.es/imagenes/mad01/0006_PMSC/html/001348842.html</subfield><subfield code="z">Ver texto completo en Bookreader</subfield></datafield></record></metadata></record>